@inproceedings{pratt1973operatorprecedence,
  author    = {Pratt, Vaughan R.},
  title     = {Top down Operator Precedence},
  year      = {1973},
  isbn      = {9781450373494},
  publisher = {Association for Computing Machinery},
  address   = {New York, NY, USA},
  url       = {https://doi.org/10.1145/512927.512931},
  doi       = {10.1145/512927.512931},
  booktitle = {Proceedings of the 1st Annual ACM SIGACT-SIGPLAN Symposium on Principles of Programming Languages},
  pages     = {41–51},
  numpages  = {11},
  location  = {Boston, Massachusetts},
  series    = {POPL '73}
}

@book{wilson2007beautiful,
  title     = {Beautiful Code: Leading Programmers Explain How They Think},
  author    = {Wilson, G. and Oram, A.},
  isbn      = {9780596554675},
  lccn      = {2007299299},
  series    = {Theory in Practice (O'Reilly)},
  url       = {https://books.google.com.br/books?id=gJrmszNHQV4C},
  year      = {2007},
  publisher = {O'Reilly Media}
}

@book{clarke1986top,
  title     = {The top-down parsing of expressions},
  author    = {Clarke, Keith},
  year      = {1986},
  publisher = {University of London. Queen Mary College. Department of Computer Science and~…}
}

@misc{matklad2020prattparsing,
  title  = {Simple but Powerful Pratt Parsing},
  author = {Aleksey Kladov},
  url    = {https://matklad.github.io/2020/04/13/simple-but-powerful-pratt-parsing.html},
  year   = {2020},
  note   = {accessed September 28, 2021}
}

@misc{matklad2020challenginglrparsing,
  title  = {Challenging LR Parsing},
  author = {Aleksey Kladov},
  url    = {https://rust-analyzer.github.io/blog/2020/09/16/challeging-LR-parsing.html},
  year   = {2020},
  note   = {accessed September 28, 2021}
}

@book{Parr13,
  abstract    = {Programmers run into parsing problems all the time. Whether it's a data format like JSON, a network protocol like SMTP, a server configuration file for Apache, a PostScript/PDF file, or a simple spreadsheet macro language---ANTLR v4 and this book will demystify the process. ANTLR v4 has been rewritten from scratch to make it easier than ever to build parsers and the language applications built on top. This completely rewritten new edition of the bestselling Definitive ANTLR Reference shows you how to take advantage of these new features.},
  added-at    = {2017-07-11T18:56:37.000+0200},
  address     = {Raleigh, NC},
  author      = {Parr, Terence},
  biburl      = {https://www.bibsonomy.org/bibtex/20354054f6d250f56a79fd708c54cf5b6/flint63},
  description = {1. Auflage 2007},
  edition     = 2,
  file        = {eBook:2013/Parr13.pdf:PDF;Pragmatic Bookshelf Product page:https\://pragprog.com/book/tpantlr2/the-definitive-antlr-4-reference:URL;Amazon Search inside:http\://www.amazon.de/gp/reader/1934356999/:URL;Related Web Site:http\://www.antlr.org/:URL},
  groups      = {public},
  interhash   = {d00798f134910fec8b9d1df7a0729849},
  intrahash   = {0354054f6d250f56a79fd708c54cf5b6},
  isbn        = {978-1-93435-699-9},
  keywords    = {01841 101 book shelf software development java compiler tool},
  publisher   = {Pragmatic Bookshelf},
  timestamp   = {2018-04-16T11:40:11.000+0200},
  title       = {The Definitive ANTLR 4 Reference},
  url         = {https://www.safaribooksonline.com/library/view/the-definitive-antlr/9781941222621/},
  username    = {flint63},
  year        = 2013
}
