@misc{jhala2020refinement,
  title         = {Refinement Types: A Tutorial},
  author        = {Ranjit Jhala and Niki Vazou},
  year          = {2020},
  eprint        = {2010.07763},
  archiveprefix = {arXiv},
  primaryclass  = {cs.PL}
}
