@book{Aho:2006:CPT:1177220,
 author = {Aho, Alfred V. and Lam, Monica S. and Sethi, Ravi and Ullman, Jeffrey D.},
 title = {Compilers: Principles, Techniques, and Tools (2Nd Edition)},
 year = {2006},
 isbn = {0321486811},
 publisher = {Addison-Wesley Longman Publishing Co., Inc.},
 address = {Boston, MA, USA},
}

@misc{lesk1975lex,
  title={Lex: A lexical analyzer generator},
  author={Lesk, Michael E and Schmidt, Eric},
  year={1975},
  publisher={Bell Laboratories Murray Hill, NJ}
}

@article{knuth1965translation,
  title={On the translation of languages from left to right},
  author={Knuth, Donald E},
  journal={Information and control},
  volume={8},
  number={6},
  pages={607--639},
  year={1965},
  publisher={Elsevier}
}

@inproceedings{lattner2004llvm,
  title={LLVM: A compilation framework for lifelong program analysis \& transformation},
  author={Lattner, Chris and Adve, Vikram},
  booktitle={Proceedings of the international symposium on Code generation and optimization: feedback-directed and runtime optimization},
  pages={75},
  year={2004},
  organization={IEEE Computer Society}
}

@book{pierce2002types,
  title={Types and programming languages},
  author={Pierce, Benjamin C and Benjamin, C},
  year={2002},
  publisher={MIT press}
}

@misc{jhala2020refinement,
      title={Refinement Types: A Tutorial},
      author={Ranjit Jhala and Niki Vazou},
      year={2020},
      eprint={2010.07763},
      archivePrefix={arXiv},
      primaryClass={cs.PL}
}
