@Book{knuth:84,
  author = 	 {Donald E. Knuth},
  title = 	 {The {\TeX} Book},
  publisher = 	 {Addison-Wesley},
  year = 	 {1984},
  edition = 	 {15th}
}

@InCollection{boulic:91,
  author = 	 {R. Boulic and O. Renault},
  title = 	 {3D Hierarchies for Animation},
  booktitle = 	 {New Trends in Animation and Visualization},
  publisher =    {John Wiley {\&} Sons ltd.},
  year = 	 {1991},
  editor = 	 {Nadia Magnenat-Thalmann and Daniel Thalmann}
}

@InCollection{smith:99,
  author = 	 {A. Smith and B. Jones},
  title = 	 {On the Complexity of Computing},
  booktitle = 	 {Advances in Computer Science},
  pages = 	 {555--566},
  publisher =    {Publishing Press},
  year = 	 {1999},
  editor = 	 {A. B. Smith-Jones}
}

@book{aho2006,
  title={Compilers: Principles, Techniques, and Tools},
  author={Aho, Alfred V and Lam, Monica S and Sethi, Ravi and Ullman, Jeffrey D},
  year={2006},
  publisher={Pearson Education}
}

@book{pierce2002,
  title={Types and Programming Languages},
  author={Pierce, Benjamin C},
  year={2002},
  publisher={MIT Press}
}

@article{jhala2020,
  title={Refinement types},
  author={Jhala, Ranjit and Vazou, Niki},
  journal={Foundations and TrendsÂ® in Programming Languages},
  volume={7},
  number={1-2},
  pages={1--160},
  year={2020},
  publisher={Now Publishers, Inc.}
}

@book{appel2003,
  title={Modern Compiler Implementation in C/Java/ML},
  author={Appel, Andrew W and Palsberg, Jens},
  year={2003},
  publisher={Cambridge University Press}
}